@Book{Manamon,
author = {McManamon, Paul},
title = {Field guide to lidar},
series = {SPIE field guides ; 36},
address = {Bellingham, Wash.},
publisher = {SPIE Press},
ISBN = {9781628416541},
}

@Book{Winner,
author = {Winner, Hermann [Hrsg.]},
title = {Handbuch Fahrerassistenzsysteme},
date = {2009},
edition = {1. Aufl.},
location = {Wiesbaden},
publisher = {Vieweg + Teubner},
ISBN = {9783834802873},
}

@Book{Isermann,
author = {Isermann, Rolf [Hrsg.]},
title = {Fahrerassistenzsysteme 2017},
series = {Proceedings},
address = {Wiesbaden},
publisher = {Springer Fachmedien Wiesbaden Imprint: Springer Vieweg},
ISBN = {9783658190590},
}

@Book{Maurer,
author = {Markus Maurer and J. Christian Gerdes and Barbara Lenz and Hermann Winner},
title = {Autonomes Fahren},
subtitle = {Technische, rechtliche und gesellschaftliche Aspekte},
date = {2015},
publisher = {Springer Vieweg},
ISBN = {9783662458549},
pagetotal = {732},
}

@OnLine{Definition,
title = {Definition \enq{Autonomes Fahren}},
author = {{Daimler AG}},
url = {https://www.daimler.com/innovation/autonomes-fahren/special/definition.html},
urldate = {2018-07-02},
}

@InReference{wiki-levels,
    author = {{Wikipedia-Autoren}},
    shortauthor = {Wikipedia},
    booktitle = {Wikipedia},
    booksubtitle = {Die freie EnzyklopaÌˆdie},
    publisher = {Wikimedia Foundation},
    location = {San Francisco},
    sortyear = {2001/open},
    entrysubtype = {online},
    title = {Autonomes Fahren},
    date = {2018-06-23},
    url = {https://de.wikipedia.org/wiki/Autonomes_Fahren},
    urldate = {2018-07-02},
}
